Plačiau apie šaltinių tipus ir jų atributus:
http://mirror.datacenter.by/pub/mirrors/CTAN/macros/latex/contrib/biblatex/doc/biblatex.pdf#subsection.2.1

@article{bhushan2013license,
  title={License Plate Recognition System using Neural Networks and Multithresholding Technique},
  author={Bhushan, Bharat and Singh, Simranjot and Singla, Ruchi},
  journal={International Journal of Computer Applications},
  volume={84},
  number={5},
  year={2013},
  publisher={Foundation of Computer Science}
}
@article{slabaugh1999computing,
  title={Computing Euler angles from a rotation matrix},
  author={Slabaugh, Gregory G},
  journal={Retrieved on August},
  volume={6},
  number={2000},
  pages={39--63},
  year={1999}
}
@inproceedings{xiao2010sun,
  title={Sun database: Large-scale scene recognition from abbey to zoo},
  author={Xiao, Jianxiong and Hays, James and Ehinger, Krista A and Oliva, Aude and Torralba, Antonio},
  booktitle={Computer vision and pattern recognition (CVPR), 2010 IEEE conference on},
  pages={3485--3492},
  year={2010},
  organization={IEEE}
}
